<?xml version="1.0" encoding="UTF-8" ?><marc:collection xmlns:marc="http://www.loc.gov/MARC21/slim" xmlns:xsi="http://www.w3.org/2001/XMLSchema-instance" xsi:schemaLocation="http://www.loc.gov/MARC21/slim http://www.loc.gov/standards/marcxml/schema/MARC21slim.xsd">
<marc:record><marc:leader>01915aam a2200337   4500</marc:leader>
<marc:controlfield tag="003">aeadna</marc:controlfield>
<marc:controlfield tag="008">120725s1908    le     f     a000 0dara u</marc:controlfield><marc:datafield tag="035" ind1=" " ind2=" "><marc:subfield code="a">(Sirsi) a36705</marc:subfield></marc:datafield><marc:datafield tag="040" ind1=" " ind2=" "><marc:subfield code="a">NCDRL</marc:subfield><marc:subfield code="c">NCDRL</marc:subfield><marc:subfield code="d">NCDRL</marc:subfield><marc:subfield code="b">ara</marc:subfield><marc:subfield code="e">AACR2</marc:subfield></marc:datafield><marc:datafield tag="041" ind1="0" ind2=" "><marc:subfield code="a">ara</marc:subfield></marc:datafield><marc:datafield tag="043" ind1=" " ind2=" "><marc:subfield code="a">f-ti---</marc:subfield></marc:datafield><marc:datafield tag="050" ind1=" " ind2="4"><marc:subfield code="a">Z6620.T86</marc:subfield><marc:subfield code="b">.J3 1908</marc:subfield></marc:datafield><marc:datafield tag="110" ind1="1" ind2=" "><marc:subfield code="a">جامع الزيتونة (تونس)</marc:subfield></marc:datafield><marc:datafield tag="082" ind1=" " ind2=" "><marc:subfield code="a">011.3109611</marc:subfield><marc:subfield code="b">21</marc:subfield></marc:datafield><marc:datafield tag="245" ind1="1" ind2="0"><marc:subfield code="a">جامع الزيتونة عمره الله.</marc:subfield></marc:datafield><marc:datafield tag="246" ind1="1" ind2="1"><marc:subfield code="a">Jāmiʻ al-Zaytūnah : ʻammarahu Allāh.</marc:subfield></marc:datafield><marc:datafield tag="246" ind1="1" ind2="5"><marc:subfield code="a">Al Zaytounah Mosque, Al Abdaliah Library</marc:subfield></marc:datafield><marc:datafield tag="260" ind1="3" ind2=" "><marc:subfield code="a">بيروت:</marc:subfield><marc:subfield code="b">مركز الخدمات والأبحاث الثقافية،</marc:subfield><marc:subfield code="c">1908م.</marc:subfield></marc:datafield><marc:datafield tag="300" ind1=" " ind2=" "><marc:subfield code="a">2 ج.؛</marc:subfield><marc:subfield code="c">25سم.</marc:subfield></marc:datafield><marc:datafield tag="490" ind1=" " ind2=" "><marc:subfield code="a">سلسلة فهارس المكتبات الخطية النادرة؛</marc:subfield><marc:subfield code="v">10.</marc:subfield></marc:datafield><marc:datafield tag="490" ind1=" " ind2=" "><marc:subfield code="a">موسوعة فهارس المكتبات والمخطوطات النادرة؛</marc:subfield><marc:subfield code="v">50-51.</marc:subfield></marc:datafield><marc:datafield tag="500" ind1=" " ind2=" "><marc:subfield code="a">طبع بالمطبعة الرسمية العربية بحاضرة تونس 1327هـ.</marc:subfield></marc:datafield><marc:datafield tag="500" ind1=" " ind2=" "><marc:subfield code="a">على أعلى صفحة الغلاف : مركز الخدمات والأبحاث الثقافية، صندوق البريد 5083/14 بيروت - لبنان.</marc:subfield></marc:datafield><marc:datafield tag="500" ind1=" " ind2=" "><marc:subfield code="a">حالة الكتاب المادية جيدة . مجلد. الطباعة اووف ست.</marc:subfield></marc:datafield><marc:datafield tag="505" ind1="0" ind2=" "><marc:subfield code="a">ج. 1:</marc:subfield><marc:subfield code="t">المكتبة العبدلية،</marc:subfield><marc:subfield code="g">ج. 2:</marc:subfield><marc:subfield code="t">برنامج المكتبة الصادقية.</marc:subfield></marc:datafield><marc:datafield tag="610" ind1="2" ind2="4"><marc:subfield code="a">جامع الزيتونة (تونس).</marc:subfield><marc:subfield code="b">المكتبة الصادقية.</marc:subfield><marc:subfield code="v">فهارس</marc:subfield></marc:datafield><marc:datafield tag="610" ind1="2" ind2="4"><marc:subfield code="a">جامع الزيتونة (تونس).</marc:subfield><marc:subfield code="b">المكتبة العبدلية.</marc:subfield><marc:subfield code="v">فهارس</marc:subfield></marc:datafield><marc:datafield tag="650" ind1=" " ind2="4"><marc:subfield code="a">المخطوطات العربية</marc:subfield><marc:subfield code="z">تونس</marc:subfield><marc:subfield code="v">فهارس</marc:subfield></marc:datafield><marc:datafield tag="710" ind1="2" ind2=" "><marc:subfield code="a">مركز الخدمات والأبحاث الثقافية (بيروت)</marc:subfield></marc:datafield><marc:datafield tag="999" ind1=" " ind2=" "><marc:subfield code="a">Z6620.T86</marc:subfield><marc:subfield code="B">.J3 1908</marc:subfield><marc:subfield code="Z">VOL. 1</marc:subfield><marc:subfield code="w">LC</marc:subfield><marc:subfield code="c">1</marc:subfield><marc:subfield code="i">30018000061754</marc:subfield><marc:subfield code="l">AV</marc:subfield><marc:subfield code="m">MAIN</marc:subfield><marc:subfield code="r">Y</marc:subfield><marc:subfield code="s">Y</marc:subfield><marc:subfield code="t">NCIRC</marc:subfield><marc:subfield code="u">25/7/2012</marc:subfield><marc:subfield code="x">RAR</marc:subfield></marc:datafield><marc:datafield tag="999" ind1=" " ind2=" "><marc:subfield code="a">Z6620 .T86 .J3 1908 VOL. 2</marc:subfield><marc:subfield code="w">LC</marc:subfield><marc:subfield code="c">1</marc:subfield><marc:subfield code="i">30018000062082</marc:subfield><marc:subfield code="l">AV</marc:subfield><marc:subfield code="m">MAIN</marc:subfield><marc:subfield code="r">Y</marc:subfield><marc:subfield code="s">Y</marc:subfield><marc:subfield code="t">NCIRC</marc:subfield><marc:subfield code="u">25/7/2012</marc:subfield><marc:subfield code="x">RAR</marc:subfield></marc:datafield></marc:record>
</marc:collection>
